@article{Adve:1996:SMC:619013.620590,
 author = {Adve, Sarita V. and Gharachorloo, Kourosh},
 title = {Shared Memory Consistency Models: A Tutorial},
 journal = {Computer},
 issue_date = {December 1996},
 volume = {29},
 number = {12},
 month = dec,
 year = {1996},
 issn = {0018-9162},
 pages = {66--76},
 numpages = {11},
 url = {http://dx.doi.org/10.1109/2.546611},
 doi = {10.1109/2.546611},
 acmid = {620590},
 publisher = {IEEE Computer Society Press},
 address = {Los Alamitos, CA, USA},
}

@inproceedings{Alglave:2009:SPA:1481839.1481842,
 author = {Alglave, Jade and Fox, Anthony and Ishtiaq, Samin and Myreen, Magnus O. and Sarkar, Susmit and Sewell, Peter and Nardelli, Francesco Zappa},
 title = {The Semantics of Power and ARM Multiprocessor Machine Code},
 booktitle = {Proceedings of the 4th Workshop on Declarative Aspects of Multicore Programming},
 series = {DAMP '09},
 year = {2008},
 isbn = {978-1-60558-417-1},
 location = {Savannah, GA, USA},
 pages = {13--24},
 numpages = {12},
 url = {http://doi.acm.org/10.1145/1481839.1481842},
 doi = {10.1145/1481839.1481842},
 acmid = {1481842},
 publisher = {ACM},
 address = {New York, NY, USA},
 keywords = {arm, powerpc, relaxed memory models, semantics},
}

@book{Lamport:2002:SST:579617,
 author = {Lamport, Leslie},
 title = {Specifying Systems: The TLA+ Language and Tools for Hardware and Software Engineers},
 year = {2002},
 isbn = {032114306X},
 publisher = {Addison-Wesley Longman Publishing Co., Inc.},
 address = {Boston, MA, USA},
}

@inproceedings{Owens:2010:RIC:1883978.1884011,
 author = {Owens, Scott},
 title = {Reasoning About the Implementation of Concurrency Abstractions on x86-TSO},
 booktitle = {Proceedings of the 24th European Conference on Object-oriented Programming},
 series = {ECOOP'10},
 year = {2010},
 isbn = {3-642-14106-4, 978-3-642-14106-5},
 location = {Maribor, Slovenia},
 pages = {478--503},
 numpages = {26},
 url = {http://dl.acm.org/citation.cfm?id=1883978.1884011},
 acmid = {1884011},
 publisher = {Springer-Verlag},
 address = {Berlin, Heidelberg},
}

@inproceedings{PETRI,
 author = {Gustavo PETRI},
 title = {Studying Operational Models of Relaxed Concurrency},
 booktitle = {Trustworthy Global Computing (TGC)},
 series = {T. 8358. LNCS. Springer},
 year = {2014},
 pages = {254--272},
 doi = {10.1007/978-3-319-05119-2_15},
}

@inproceedings{Saraswat:2007:TMM:1229428.1229469,
 author = {Saraswat, Vijay A. and Jagadeesan, Radha and Michael, Maged and von Praun, Christoph},
 title = {A Theory of Memory Models},
 booktitle = {Proceedings of the 12th ACM SIGPLAN Symposium on Principles and Practice of Parallel Programming},
 series = {PPoPP '07},
 year = {2007},
 isbn = {978-1-59593-602-8},
 location = {San Jose, California, USA},
 pages = {161--172},
 numpages = {12},
 url = {http://doi.acm.org/10.1145/1229428.1229469},
 doi = {10.1145/1229428.1229469},
 acmid = {1229469},
 publisher = {ACM},
 address = {New York, NY, USA},
 keywords = {memory model, sequential consistency, weak model},
} 

@article{Sewell:2010:XRU:1785414.1785443,
 author = {Sewell, Peter and Sarkar, Susmit and Owens, Scott and Nardelli, Francesco Zappa and Myreen, Magnus O.},
 title = {X86-TSO: A Rigorous and Usable Programmer's Model for x86 Multiprocessors},
 journal = {Commun. ACM},
 issue_date = {July 2010},
 volume = {53},
 number = {7},
 month = jul,
 year = {2010},
 issn = {0001-0782},
 pages = {89--97},
 numpages = {9},
 url = {http://doi.acm.org/10.1145/1785414.1785443},
 doi = {10.1145/1785414.1785443},
 acmid = {1785443},
 publisher = {ACM},
 address = {New York, NY, USA},
}

@article{Turon:2014:GNW:2714064.2660243,
 author = {Turon, Aaron and Vafeiadis, Viktor and Dreyer, Derek},
 title = {GPS: Navigating Weak Memory with Ghosts, Protocols, and Separation},
 journal = {SIGPLAN Not.},
 issue_date = {October 2014},
 volume = {49},
 number = {10},
 month = oct,
 year = {2014},
 issn = {0362-1340},
 pages = {691--707},
 numpages = {17},
 url = {http://doi.acm.org/10.1145/2714064.2660243},
 doi = {10.1145/2714064.2660243},
 acmid = {2660243},
 publisher = {ACM},
 address = {New York, NY, USA},
 keywords = {c/c++, concurrency, program logic, separation logic, weak memory models},
}        

@article{Boehm:2011:YDK:2076796.2088916,
 author = {Boehm, Hans-J and Adve, Sarita V.},
 title = {You Don'T Know Jack About Shared Variables or Memory Models},
 journal = {Queue},
 issue_date = {December 2011},
 volume = {9},
 number = {12},
 month = dec,
 year = {2011},
 issn = {1542-7730},
 pages = {40:40--40:49},
 articleno = {40},
 numpages = {10},
 url = {http://doi.acm.org/10.1145/2076796.2088916},
 doi = {10.1145/2076796.2088916},
 acmid = {2088916},
 publisher = {ACM},
 address = {New York, NY, USA},
} 